
@article{dzero,
    author         = "Grannis, Paul",
    title          = "{Search for the top quark: Results from the D0 Experiment}",
    collaboration  = "D0 Collaboration",
    year           = "1994",
    eprint         = "hep-ex/9409006",
    archivePrefix  = "arXiv",
    primaryClass   = "hep-ex",
    reportNumber   = "FERMILAB-PUB-94-277, C94-07-20",
    SLACcitation   = "%%CITATION = HEP-EX/9409006;%%",
}

@article{cdf,
    title = {Evidence for top quark production in $\Pp\Pap$ collisions at $\sqrt{s} = \SI{1.8}{TeV}$},
    author = {Abe, F. and Albrow, M. G. and Amendolia, S. R. and Amidei, D. and Antos, J. and Anway-Wiese, C. and Apollinari, G. and Areti, H. and Auchincloss, P. and Austern, M. and Azfar, F. and Azzi, P. and Bacchetta, N. and Badgett, W. and Bailey, M. W. and Bao, J. and de Barbaro, P. and Barbaro-Galtieri, A. and Barnes, V. E. and Barnett, B. A. and Bartalini, P. and Bauer, G. and Baumann, T. and Bedeschi, F. and Behrends, S. and Belforte, S. and Bellettini, G. and Bellinger, J. and Benjamin, D. and Benlloch, J. and Bensinger, J. and Benton, D. and Beretvas, A. and Berge, J. P. and Bertolucci, S. and Bhatti, A. and Biery, K. and Binkley, M. and Bird, F. and Bisello, D. and Blair, R. E. and Blocker, C. and Bodek, A. and Bolognesi, V. and Bortoletto, D. and Boswell, C. and Boulos, T. and Brandenburg, G. and Buckley-Geer, E. and Budd, H. S. and Burkett, K. and Busetto, G. and Byon-Wagner, A. and Byrum, K. L. and Campagnari, C. and Campbell, M. and Caner, A. and Carithers, W. and Carlsmith, D. and Castro, A. and Cen, Y. and Cervelli, F. and Chapman, J. and Cheng, M.-T. and Chiarelli, G. and Chikamatsu, T. and Cihangir, S. and Clark, A. G. and Cobal, M. and Contreras, M. and Conway, J. and Cooper, J. and Cordelli, M. and Coupal, D. P. and Crane, D. and Cunningham, J. D. and Daniels, T. and DeJongh, F. and Delchamps, S. and Dell'Agnello, S. and Dell'Orso, M. and Demortier, L. and Denby, B. and Deninno, M. and Derwent, P. F. and Devlin, T. and Dickson, M. and Donati, S. and Drucker, R. B. and Dunn, A. and Einsweiler, K. and Elias, J. E. and Ely, R. and Engels, E. and Eno, S. and Errede, D. and Errede, S. and Fan, Q. and Farhat, B. and Fiori, I. and Flaugher, B. and Foster, G. W. and Franklin, M. and Frautschi, M. and Freeman, J. and Friedman, J. and Frisch, H. and Fry, A. and Fuess, T. A. and Fukui, Y. and Funaki, S. and Gagliardi, G. and Galeotti, S. and Gallinaro, M. and Garfinkel, A. F. and Geer, S. and Gerdes, D. W. and Giannetti, P. and Giokaris, N. and Giromini, P. and Gladney, L. and Glenzinski, D. and Gold, M. and Gonzalez, J. and Gordon, A. and Goshaw, A. T. and Goulianos, K. and Grassmann, H. and Grewal, A. and Grieco, G. and Groer, L. and Grosso-Pilcher, C. and Haber, C. and Hahn, S. R. and Hamilton, R. and Handler, R. and Hans, R. M. and Hara, K. and Harral, B. and Harris, R. M. and Hauger, S. A. and Hauser, J. and Hawk, C. and Heinrich, J. and Cronin-Hennessy, D. and Hollebeek, R. and Holloway, L. and H\"olscher, A. and Hong, S. and Houk, G. and Hu, P. and Huffman, B. T. and Hughes, R. and Hurst, P. and Huston, J. and Huth, J. and Hylen, J. and Incagli, M. and Incandela, J. and Iso, H. and Jensen, H. and Jessop, C. P. and Joshi, U. and Kadel, R. W. and Kajfasz, E. and Kamon, T. and Kaneko, T. and Kardelis, D. A. and Kasha, H. and Kato, Y. and Keeble, L. and Kennedy, R. D. and Kephart, R. and Kesten, P. and Kestenbaum, D. and Keup, R. M. and Keutelian, H. and Keyvan, F. and Kim, D. H. and Kim, H. S. and Kim, S. B. and Kim, S. H. and Kim, Y. K. and Kirsch, L. and Koehn, P. and Kondo, K. and Konigsberg, J. and Kopp, S. and Kordas, K. and Koska, W. and Kovacs, E. and Kowald, W. and Krasberg, M. and Kroll, J. and Kruse, M. and Kuhlmann, S. E. and Kuns, E. and Laasanen, A. T. and Lammel, S. and Lamoureux, J. I. and LeCompte, T. and Leone, S. and Lewis, J. D. and Limon, P. and Lindgren, M. and Liss, T. M. and Lockyer, N. and Long, O. and Loreti, M. and Low, E. H. and Lu, J. and Lucchesi, D. and Luchini, C. B. and Lukens, P. and Lys, J. and Maas, P. and Maeshima, K. and Maghakian, A. and Maksimovic, P. and Mangano, M. and Mansour, J. and Mariotti, M. and Marriner, J. P. and Martin, A. and Matthews, J. A. J. and Mattingly, R. and McIntyre, P. and Melese, P. and Menzione, A. and Meschi, E. and Michail, G. and Mikamo, S. and Miller, M. and Miller, R. and Mimashi, T. and Miscetti, S. and Mishina, M. and Mitsushio, H. and Miyashita, S. and Morita, Y. and Moulding, S. and Mueller, J. and Mukherjee, A. and Muller, T. and Musgrave, P. and Nakae, L. F. and Nakano, I. and Nelson, C. and Neuberger, D. and Newman-Holmes, C. and Nodulman, L. and Ogawa, S. and Oh, S. H. and Ohl, K. E. and Oishi, R. and Okusawa, T. and Pagliarone, C. and Paoletti, R. and Papadimitriou, V. and Park, S. and Patrick, J. and Pauletta, G. and Paulini, M. and Pescara, L. and Peters, M. D. and Phillips, T. J. and Piacentino, G. and Pillai, M. and Plunkett, R. and Pondrom, L. and Produit, N. and Proudfoot, J. and Ptohos, F. and Punzi, G. and Ragan, K. and Rimondi, F. and Ristori, L. and Roach-Bellino, M. and Robertson, W. J. and Rodrigo, T. and Romano, J. and Rosenson, L. and Sakumoto, W. K. and Saltzberg, D. and Sansoni, A. and Scarpine, V. and Schindler, A. and Schlabach, P. and Schmidt, E. E. and Schmidt, M. P. and Schneider, O. and Sciacca, G. F. and Scribano, A. and Segler, S. and Seidel, S. and Seiya, Y. and Sganos, G. and Sgolacchia, A. and Shapiro, M. and Shaw, N. M. and Shen, Q. and Shepard, P. F. and Shimojima, M. and Shochet, M. and Siegrist, J. and Sill, A. and Sinervo, P. and Singh, P. and Skarha, J. and Sliwa, K. and Smith, D. A. and Snider, F. D. and Song, L. and Song, T. and Spalding, J. and Spiegel, L. and Sphicas, P. and Spies, A. and Stanco, L. and Steele, J. and Stefanini, A. and Strahl, K. and Strait, J. and Stuart, D. and Sullivan, G. and Sumorok, K. and Swartz, R. L. and Takahashi, T. and Takikawa, K. and Tartarelli, F. and Taylor, W. and Teramoto, Y. and Tether, S. and Theriot, D. and Thomas, J. and Thomas, T. L. and Thun, R. and Timko, M. and Tipton, P. and Titov, A. and Tkaczyk, S. and Tollefson, K. and Tollestrup, A. and Tonnison, J. and de Troconiz, J. F. and Tseng, J. and Turcotte, M. and Turini, N. and Uemura, N. and Ukegawa, F. and Unal, G. and van den Brink, S. and Vejcik, S. and Vidal, R. and Vondracek, M. and Wagner, R. G. and Wagner, R. L. and Wainer, N. and Walker, R. C. and Wang, G. and Wang, J. and Wang, M. J. and Wang, Q. F. and Warburton, A. and Watts, G. and Watts, T. and Webb, R. and Wendt, C. and Wenzel, H. and Wester, W. C. and Westhusing, T. and Wicklund, A. B. and Wilkinson, R. and Williams, H. H. and Wilson, P. and Winer, B. L. and Wolinski, J. and Wu, D. Y. and Wu, X. and Wyss, J. and Yagil, A. and Yao, W. and Yasuoka, K. and Ye, Y. and Yeh, G. P. and Yeh, P. and Yin, M. and Yoh, J. and Yoshida, T. and Yovanovitch, D. and Yu, I. and Yun, J. C. and Zanetti, A. and Zetti, F. and Zhang, L. and Zhang, S. and Zhang, W. and Zucchelli, S.},
    journal = {Phys. Rev. Lett.},
    volume = {73},
    issue = {2},
    pages = {225--231},
    numpages = {7},
    year = {1994},
    month = {Jul},
    publisher = {American Physical Society},
    doi = {10.1103/PhysRevLett.73.225},
}
