@article{associated,
      author         = "Khachatryan, Vardan and others",
      title          = "{Measurement of top quark-antiquark pair production in
                        association with a W or Z boson in pp collisions at
                        $\sqrt{s} = 8$ $\,\text {TeV}$}",
      collaboration  = "CMS Collaboration",
      journal        = "Eur.Phys.J.",
      number         = "9",
      volume         = "C74",
      pages          = "3060",
      doi            = "10.1140/epjc/s10052-014-3060-7",
      year           = "2014",
      eprint         = "1406.7830",
      archivePrefix  = "arXiv",
      primaryClass   = "hep-ex",
      reportNumber   = "CMS-TOP-12-036, CERN-PH-EP-2014-136",
      SLACcitation   = "%%CITATION = ARXIV:1406.7830;%%",
}
