@article{isidori,
      author         = "Isidori, Gino and Ridolfi, Giovanni and Strumia, Alessandro",
      title          = "{On the metastability of the standard model vacuum}",
      journal        = "Nucl.Phys.",
      volume         = "B609",
      pages          = "387-409",
      doi            = "10.1016/S0550-3213(01)00302-9",
      year           = "2001",
      eprint         = "hep-ph/0104016",
      archivePrefix  = "arXiv",
      primaryClass   = "hep-ph",
      reportNumber   = "CERN-TH-2001-092, LNF-01-014-P, GEF-TH-6-01,
                        IFUP-TH-2001-11",
      SLACcitation   = "%%CITATION = HEP-PH/0104016;%%",
}
