@article{antikt,
      author         = "Cacciari, Matteo and Salam, Gavin P. and Soyez, Gregory",
      title          = "{The anti-$k_t$ jet clustering algorithm}",
      journal        = "JHEP",
      volume         = "0804",
      pages          = "063",
      doi            = "10.1088/1126-6708/2008/04/063",
      year           = "2008",
      eprint         = "0802.1189",
      archivePrefix  = "arXiv",
      primaryClass   = "hep-ph",
      reportNumber   = "LPTHE-07-03",
      SLACcitation   = "%%CITATION = ARXIV:0802.1189;%%",
}
