@article{ilc,
      author         = "Asner, D. and Hoang, A. and Kiyo, Y. and PÃ¶schl, R. and
                        Sumino, Y. and others",
      title          = "{Top quark precision physics at the International Linear
                        Collider}",
      year           = "2013",
      eprint         = "1307.8265",
      archivePrefix  = "arXiv",
      primaryClass   = "hep-ex",
      SLACcitation   = "%%CITATION = ARXIV:1307.8265;%%",
}
