@article{paper,
      author         = "Gedalia, Oram and Isidori, Gino and Maltoni, Fabio and
                        Perez, Gilad and Selvaggi, Michele and others",
      title          = "{Top B Physics at the LHC}",
      journal        = "Phys.Rev.Lett.",
      number         = "23",
      volume         = "110",
      pages          = "232002",
      doi            = "10.1103/PhysRevLett.110.232002",
      year           = "2013",
      eprint         = "1212.4611",
      archivePrefix  = "arXiv",
      primaryClass   = "hep-ph",
      reportNumber   = "CERN-PH-TH-2012-352, CP3-12-56",
      SLACcitation   = "%%CITATION = ARXIV:1212.4611;%%",
}
