@MISC{dzero,
    author = {P. D. Grannis},
    title = {Search for the Top Quark: Results from the DÃ˜ Experiment},
    year = {1994}
}
