@article{atlas,
      author         = "Aad, Georges and others",
      title          = "{Search for pair and single production of new heavy
                        quarks that decay to a $Z$ boson and a third-generation
                        quark in $pp$ collisions at $\sqrt{s}=8$ TeV with the
                        ATLAS detector}",
      collaboration  = "ATLAS Collaboration",
      journal        = "JHEP",
      volume         = "1411",
      pages          = "104",
      doi            = "10.1007/JHEP11(2014)104",
      year           = "2014",
      eprint         = "1409.5500",
      archivePrefix  = "arXiv",
      primaryClass   = "hep-ex",
      reportNumber   = "CERN-PH-EP-2014-188",
      SLACcitation   = "%%CITATION = ARXIV:1409.5500;%%",
}
