@article{lyons,
  title={How to combine correlated estimates of a single physical quantity},
  author={Lyons, Louis and Gibaut, Duncan and Clifford, Peter},
  journal={Nuclear Instruments and Methods in Physics Research Section A: Accelerators, Spectrometers, Detectors and Associated Equipment},
  volume={270},
  number={1},
  pages={110--117},
  year={1988},
  publisher={Elsevier}
}

@article{atlas,
  title={First combination of Tevatron and LHC measurements of the top-quark mass},
  author={ATLAS, The and others},
  journal={arXiv preprint arXiv:1403.4427},
  year={2014}
}
@article{augilar,
    title = "D-meson lifetimes ",
    journal = "Physics Letters B ",
    volume = "193",
    number = "1",
    pages = "140 - 146",
    year = "1987",
    note = "",
    issn = "0370-2693",
    doi = "http://dx.doi.org/10.1016/0370-2693(87)90472-2",
    url = "http://www.sciencedirect.com/science/article/pii/0370269387904722",
    author = "M. Aguilar-Benitez and W.W.M. Allison and J.L. Bailly and W. Bartl and M. Begalli and P. Beilli√©re and H. Briand and V. Canale and C. Caso and E. Castelli and P. Checchia and P.V. Chliapnikov and N. Colino and S.J. Colwill and R. Contri and D. Crennell and A. De Angelis and L. De Billy and C. Defoix and R. Di Marco and E. Di Capua and F. Diez-Hedo and J. Dolbeau and J. Duboc and M. Eriksson and S. Falciano and C. Fernandez and C. Fisher and Yu.V. Fisyak and F. Fontanelli and J. Fry and U. Gasparini and U. Gensch and S. Gentile and D.B. Gibaut and A.T. Goshaw and F. Grard and R. Hamatsu and L. Haupt and S. Hellman and J.J. Hernandez and S.O. Holmgren and M. Houlden and J. Hrubec and P. Hughes and D. Huss and Y. Iga and M. Iori and E. Jegham and K.E. Johansson and M.I. Josa and M. Kalelkar and A.G. Kholodenko and E.P. Kistenev and S. Kitamura and D. Knauss and V.V. Kniazev and W. Kowald and D. Kuhn and M. Laloum and P. Legros and H. Leutz and L. Lyons and M. Macdermott and P.K. Malhotra and P. Mason and M. Mazzucato and A. Michalon and M.E. Michalon-Mentzer and T. Moa and R. Monge and L. Montanet and G. Neuhofer and H.K. Nguyen and S. Nilsson and H. Nowak and N. Oshima and G. Otter and R. Ouared and J. Panella Comellas and G. Patel and M. Pernicka and P. Pilette and C. Pinori and G. Piredda and R. Plano and A. Poppleton and P. Poropat and R. Raghavan and S. Reucroft and K. Roberts and W.J. Robertson and H. Rohringer and J.M. Salicio and R. Schulte and B. Sellden and M. Sessa and S. Squarcia and P. Stamer and V.A. Stopchenko and A. Subramanian and K. Sudhakar and K. Takahashi and M.C. Touboul and U. Trevisan and C. Troncon and T. Tsurugai and P. Vilain and E.V. Vlasov and C. Voltolini and B. Vonck and W.D. Walker and C.F. Wild and G. Zumerle"
}
