@article{lyons,
  title={How to combine correlated estimates of a single physical quantity},
  author={Lyons, Louis and Gibaut, Duncan and Clifford, Peter},
  journal={Nuclear Instruments and Methods in Physics Research Section A: Accelerators, Spectrometers, Detectors and Associated Equipment},
  volume={270},
  number={1},
  pages={110--117},
  year={1988},
  publisher={Elsevier}
}

@article{atlas,
  title={First combination of Tevatron and LHC measurements of the top-quark mass},
  author={ATLAS, The and others},
  journal={arXiv preprint arXiv:1403.4427},
  year={2014}
}
