@article{farina,
      author         = "Farina, Marco and Grojean, Christophe and Maltoni, Fabio
                        and Salvioni, Ennio and Thamm, Andrea",
      title          = "{Lifting degeneracies in Higgs couplings using single top
                        production in association with a Higgs boson}",
      journal        = "JHEP",
      volume         = "1305",
      pages          = "022",
      doi            = "10.1007/JHEP05(2013)022",
      year           = "2013",
      eprint         = "1211.3736",
      archivePrefix  = "arXiv",
      primaryClass   = "hep-ph",
      reportNumber   = "CERN-PH-TH-2012-313, DFPD-2012-TH-20, CP3-12-47",
      SLACcitation   = "%%CITATION = ARXIV:1211.3736;%%",
}

@article{espinosa,
      author         = "Espinosa, J.R. and Grojean, C. and Muhlleitner, M. and
                        Trott, M.",
      title          = "{First Glimpses at Higgs' face}",
      journal        = "JHEP",
      volume         = "1212",
      pages          = "045",
      doi            = "10.1007/JHEP12(2012)045",
      year           = "2012",
      eprint         = "1207.1717",
      archivePrefix  = "arXiv",
      primaryClass   = "hep-ph",
      reportNumber   = "CERN-PH-TH-2012-200",
      SLACcitation   = "%%CITATION = ARXIV:1207.1717;%%",
}
