@article{aad,
      author         = "Aad, Georges and others",
      title          = "{Search for top quark decays $t \to qH$ with $H \to
                        \gamma\gamma$ using the ATLAS detector}",
      collaboration  = "ATLAS Collaboration",
      journal        = "JHEP",
      volume         = "1406",
      pages          = "008",
      doi            = "10.1007/JHEP06(2014)008",
      year           = "2014",
      eprint         = "1403.6293",
      archivePrefix  = "arXiv",
      primaryClass   = "hep-ex",
      reportNumber   = "CERN-PH-EP-2014-036",
      SLACcitation   = "%%CITATION = ARXIV:1403.6293;%%",
}
