@article{kaplan,
      author         = "Kaplan, David E. and Rehermann, Keith and Schwartz,
                        Matthew D. and Tweedie, Brock",
      title          = "{Top Tagging: A Method for Identifying Boosted
                        Hadronically Decaying Top Quarks}",
      journal        = "Phys.Rev.Lett.",
      volume         = "101",
      pages          = "142001",
      doi            = "10.1103/PhysRevLett.101.142001",
      year           = "2008",
      eprint         = "0806.0848",
      archivePrefix  = "arXiv",
      primaryClass   = "hep-ph",
      SLACcitation   = "%%CITATION = ARXIV:0806.0848;%%",
}
