@article{polarization,
  title = {Measurement of Top Quark Polarization in Top-Antitop Events from Proton-Proton Collisions at $\sqrt{s}\mathbf{=}7\text{\,}\text{\,}\mathrm{TeV}$ Using the ATLAS Detector},
  author = {Aad, G. and Abajyan, T. and Abbott, B. and Abdallah, J. and Abdel Khalek, S. and Abdinov, O. and Aben, R. and Abi, B. and Abolins, M. and AbouZeid, O. S. and Abramowicz, H. and Abreu, H. and Abulaiti, Y. and Acharya, B. S. and Adamczyk, L. and Adams, D. L. and Addy, T. N. and Adelman, J. and Adomeit, S. and Adye, T. and Aefsky, S. and Agatonovic-Jovin, T. and Aguilar-Saavedra, J. A. and Agustoni, M. and Ahlen, S. P. and Ahmad, A. and Ahsan, M. and Aielli, G. and \AA{}kesson, T. P. A. and Akimoto, G. and Akimov, A. V. and Alam, M. A. and Albert, J. and Albrand, S. and Alconada Verzini, M. J. and Aleksa, M. and Aleksandrov, I. N. and Alessandria, F. and Alexa, C. and Alexander, G. and Alexandre, G. and Alexopoulos, T. and Alhroob, M. and Aliev, M. and Alimonti, G. and Alio, L. and Alison, J. and Allbrooke, B. M. M. and Allison, L. J. and Allport, P. P. and Allwood-Spiers, S. E. and Almond, J. and Aloisio, A. and Alon, R. and Alonso, A. and Alonso, F. and Altheimer, A. and Alvarez Gonzalez, B. and Alviggi, M. G. and Amako, K. and Amaral Coutinho, Y. and Amelung, C. and Ammosov, V. V. and Amor Dos Santos, S. P. and Amorim, A. and Amoroso, S. and Amram, N. and Anastopoulos, C. and Ancu, L. S. and Andari, N. and Andeen, T. and Anders, C. F. and Anders, G. and Anderson, K. J. and Andreazza, A. and Andrei, V. and Anduaga, X. S. and Angelidakis, S. and Anger, P. and Angerami, A. and Anghinolfi, F. and Anisenkov, A. V. and Anjos, N. and Annovi, A. and Antonaki, A. and Antonelli, M. and Antonov, A. and Antos, J. and Anulli, F. and Aoki, M. and Aperio Bella, L. and Apolle, R. and Arabidze, G. and Aracena, I. and Arai, Y. and Arce, A. T. H. and Arfaoui, S. and Arguin, J-F. and Argyropoulos, S. and Arik, E. and Arik, M. and Armbruster, A. J. and Arnaez, O. and Arnal, V. and Arslan, O. and Artamonov, A. and Artoni, G. and Asai, S. and Asbah, N. and Ask, S. and \AA{}sman, B. and Asquith, L. and Assamagan, K. and Astalos, R. and Astbury, A. and Atkinson, M. and Atlay, N. B. and Auerbach, B. and Auge, E. and Augsten, K. and Aurousseau, M. and Avolio, G. and Axen, D. and Azuelos, G. and Azuma, Y. and Baak, M. A. and Bacci, C. and Bach, A. M. and Bachacou, H. and Bachas, K. and Backes, M. and Backhaus, M. and Backus Mayes, J. and Badescu, E. and Bagiacchi, P. and Bagnaia, P. and Bai, Y. and Bailey, D. C. and Bain, T. and Baines, J. T. and Baker, O. K. and Baker, S. and Balek, P. and Balli, F. and Banas, E. and Banerjee, Sw. and Banfi, D. and Bangert, A. and Bansal, V. and Bansil, H. S. and Barak, L. and Baranov, S. P. and Barber, T. and Barberio, E. L. and Barberis, D. and Barbero, M. and Bardin, D. Y. and Barillari, T. and Barisonzi, M. and Barklow, T. and Barlow, N. and Barnett, B. M. and Barnett, R. M. and Baroncelli, A. and Barone, G. and Barr, A. J. and Barreiro, F. and Barreiro Guimar\~aes da Costa, J. and Bartoldus, R. and Barton, A. E. and Bartsch, V. and Bassalat, A. and Basye, A. and Bates, R. L. and Batkova, L. and Batley, J. R. and Battistin, M. and Bauer, F. and Bawa, H. S. and Beale, S. and Beau, T. and Beauchemin, P. H. and Beccherle, R. and Bechtle, P. and Beck, H. P. and Becker, K. and Becker, S. and Beckingham, M. and Becks, K. H. and Beddall, A. J. and Beddall, A. and Bedikian, S. and Bednyakov, V. A. and Bee, C. P. and Beemster, L. J. and Beermann, T. A. and Begel, M. and Belanger-Champagne, C. and Bell, P. J. and Bell, W. H. and Bella, G. and Bellagamba, L. and Bellerive, A. and Bellomo, M. and Belloni, A. and Beloborodova, O. L. and Belotskiy, K. and Beltramello, O. and Benary, O. and Benchekroun, D. and Bendtz, K. and Benekos, N. and Benhammou, Y. and Benhar Noccioli, E. and Benitez Garcia, J. A. and Benjamin, D. P. and Bensinger, J. R. and Benslama, K. and Bentvelsen, S. and Berge, D. and Bergeaas Kuutmann, E. and Berger, N. and Berghaus, F. and Berglund, E. and Beringer, J. and Bernard, C. and Bernat, P. and Bernhard, R. and Bernius, C. and Bernlochner, F. U. and Berry, T. and Bertella, C. and Bertolucci, F. and Besana, M. I. and Besjes, G. J. and Bessidskaia, O. and Besson, N. and Bethke, S. and Bhimji, W. and Bianchi, R. M. and Bianchini, L. and Bianco, M. and Biebel, O. and Bieniek, S. P. and Bierwagen, K. and Biesiada, J. and Biglietti, M. and Bilbao De Mendizabal, J. and Bilokon, H. and Bindi, M. and Binet, S. and Bingul, A. and Bini, C. and Bittner, B. and Black, C. W. and Black, J. E. and Black, K. M. and Blackburn, D. and Blair, R. E. and Blanchard, J.-B. and Blazek, T. and Bloch, I. and Blocker, C. and Blocki, J. and Blum, W. and Blumenschein, U. and Bobbink, G. J. and Bobrovnikov, V. S. and Bocchetta, S. S. and Bocci, A. and Boddy, C. R. and Boehler, M. and Boek, J. and Boek, T. T. and Boelaert, N. and Bogaerts, J. A. and Bogdanchikov, A. G. and Bogouch, A. and Bohm, C. and Bohm, J. and Boisvert, V. and Bold, T. and Boldea, V. and Bolnet, N. M. and Bomben, M. and Bona, M. and Boonekamp, M. and Bordoni, S. and Borer, C. and Borisov, A. and Borissov, G. and Borri, M. and Borroni, S. and Bortfeldt, J. and Bortolotto, V. and Bos, K. and Boscherini, D. and Bosman, M. and Boterenbrood, H. and Bouchami, J. and Boudreau, J. and Bouhova-Thacker, E. V. and Boumediene, D. and Bourdarios, C. and Bousson, N. and Boutouil, S. and Boveia, A. and Boyd, J. and Boyko, I. R. and Bozovic-Jelisavcic, I. and Bracinik, J. and Branchini, P. and Brandt, A. and Brandt, G. and Brandt, O. and Bratzler, U. and Brau, B. and Brau, J. E. and Braun, H. M. and Brazzale, S. F. and Brelier, B. and Bremer, J. and Brendlinger, K. and Brenner, R. and Bressler, S. and Bristow, T. M. and Britton, D. and Brochu, F. M. and Brock, I. and Brock, R. and Broggi, F. and Bromberg, C. and Bronner, J. and Brooijmans, G. and Brooks, T. and Brooks, W. K. and Brost, E. and Brown, G. and Brown, J. and Bruckman de Renstrom, P. A. and Bruncko, D. and Bruneliere, R. and Brunet, S. and Bruni, A. and Bruni, G. and Bruschi, M. and Bryngemark, L. and Buanes, T. and Buat, Q. and Bucci, F. and Buchanan, J. and Buchholz, P. and Buckingham, R. M. and Buckley, A. G. and Buda, S. I. and Budagov, I. A. and Budick, B. and Buehrer, F. and Bugge, L. and Bulekov, O. and Bundock, A. C. and Bunse, M. and Burckhart, H. and Burdin, S. and Burgess, T. and Burke, S. and Busato, E. and B\"uscher, V. and Bussey, P. and Buszello, C. P. and Butler, B. and Butler, J. M. and Buttar, C. M. and Butterworth, J. M. and Buttinger, W. and Buzatu, A. and Byszewski, M. and Cabrera Urb\'an, S. and Caforio, D. and Cakir, O. and Calafiura, P. and Calderini, G. and Calfayan, P. and Calkins, R. and Caloba, L. P. and Caloi, R. and Calvet, D. and Calvet, S. and Camacho Toro, R. and Camarri, P. and Cameron, D. and Caminada, L. M. and Caminal Armadans, R. and Campana, S. and Campanelli, M. and Canale, V. and Canelli, F. and Canepa, A. and Cantero, J. and Cantrill, R. and Cao, T. and Capeans Garrido, M. D. M. and Caprini, I. and Caprini, M. and Capriotti, D. and Capua, M. and Caputo, R. and Cardarelli, R. and Carli, T. and Carlino, G. and Carminati, L. and Caron, S. and Carquin, E. and Carrillo-Montoya, G. D. and Carter, A. A. and Carter, J. R. and Carvalho, J. and Casadei, D. and Casado, M. P. and Caso, C. and Castaneda-Miranda, E. and Castelli, A. and Castillo Gimenez, V. and Castro, N. F. and Cataldi, G. and Catastini, P. and Catinaccio, A. and Catmore, J. R. and Cattai, A. and Cattani, G. and Caughron, S. and Cavaliere, V. and Cavalli, D. and Cavalli-Sforza, M. and Cavasinni, V. and Ceradini, F. and Cerio, B. and Cerqueira, A. S. and Cerri, A. and Cerrito, L. and Cerutti, F. and Cervelli, A. and Cetin, S. A. and Chafaq, A. and Chakraborty, D. and Chalupkova, I. and Chan, K. and Chang, P. and Chapleau, B. and Chapman, J. D. and Chapman, J. W. and Charlton, D. G. and Chavda, V. and Chavez Barajas, C. A. and Cheatham, S. and Chekanov, S. and Chekulaev, S. V. and Chelkov, G. A. and Chelstowska, M. A. and Chen, C. and Chen, H. and Chen, S. and Chen, X. and Chen, Y. and Cheng, Y. and Cheplakov, A. and Cherkaoui El Moursli, R. and Chernyatin, V. and Cheu, E. and Chevalier, L. and Chiarella, V. and Chiefari, G. and Childers, J. T. and Chilingarov, A. and Chiodini, G. and Chisholm, A. S. and Chislett, R. T. and Chitan, A. and Chizhov, M. V. and Choudalakis, G. and Chouridou, S. and Chow, B. K. B. and Christidi, I. A. and Christov, A. and Chromek-Burckhart, D. and Chu, M. L. and Chudoba, J. and Ciapetti, G. and Ciftci, A. K. and Ciftci, R. and Cinca, D. and Cindro, V. and Ciocio, A. and Cirilli, M. and Cirkovic, P. and Citron, Z. H. and Citterio, M. and Ciubancan, M. and Clark, A. and Clark, P. J. and Clarke, R. N. and Clemens, J. C. and Clement, B. and Clement, C. and Coadou, Y. and Cobal, M. and Coccaro, A. and Cochran, J. and Coelli, S. and Coffey, L. and Cogan, J. G. and Coggeshall, J. and Colas, J. and Cole, B. and Cole, S. and Colijn, A. P. and Collins-Tooth, C. and Collot, J. and Colombo, T. and Colon, G. and Compostella, G. and Conde Mui\~no, P. and Coniavitis, E. and Conidi, M. C. and Consonni, S. M. and Consorti, V. and Constantinescu, S. and Conta, C. and Conti, G. and Conventi, F. and Cooke, M. and Cooper, B. D. and Cooper-Sarkar, A. M. and Cooper-Smith, N. J. and Copic, K. and Cornelissen, T. and Corradi, M. and Corriveau, F. and Corso-Radu, A. and Cortes-Gonzalez, A. and Cortiana, G. and Costa, G. and Costa, M. J. and Costanzo, D. and C\^ot\'e, D. and Cottin, G. and Courneyea, L. and Cowan, G. and Cox, B. E. and Cranmer, K. and Cr\'ep\'e-Renaudin, S. and Crescioli, F. and Cristinziani, M. and Crosetti, G. and Cuciuc, C.-M. and Cuenca Almenar, C. and Cuhadar Donszelmann, T. and Cummings, J. and Curatolo, M. and Cuthbert, C. and Czirr, H. and Czodrowski, P. and Czyczula, Z. and D'Auria, S. and D'Onofrio, M. and D'Orazio, A. and Da Cunha Sargedas De Sousa, M. J. and Da Via, C. and Dabrowski, W. and Dafinca, A. and Dai, T. and Dallaire, F. and Dallapiccola, C. and Dam, M. and Damiani, D. S. and Daniells, A. C. and Dao, V. and Darbo, G. and Darlea, G. L. and Darmora, S. and Dassoulas, J. A. and Davey, W. and David, C. and Davidek, T. and Davies, E. and Davies, M. and Davignon, O. and Davison, A. R. and Davygora, Y. and Dawe, E. and Dawson, I. and Daya-Ishmukhametova, R. K. and De, K. and de Asmundis, R. and De Castro, S. and De Cecco, S. and de Graat, J. and De Groot, N. and de Jong, P. and De La Taille, C. and De la Torre, H. and De Lorenzi, F. and De Nooij, L. and De Pedis, D. and De Salvo, A. and De Sanctis, U. and De Santo, A. and De Vivie De Regie, J. B. and De Zorzi, G. and Dearnaley, W. J. and Debbe, R. and Debenedetti, C. and Dechenaux, B. and Dedovich, D. V. and Degenhardt, J. and Del Peso, J. and Del Prete, T. and Delemontex, T. and Deliot, F. and Deliyergiyev, M. and Dell'Acqua, A. and Dell'Asta, L. and Della Pietra, M. and della Volpe, D. and Delmastro, M. and Delsart, P. A. and Deluca, C. and Demers, S. and Demichev, M. and Demilly, A. and Demirkoz, B. and Denisov, S. P. and Derendarz, D. and Derkaoui, J. E. and Derue, F. and Dervan, P. and Desch, K. and Deterre, C. and Deviveiros, P. O. and Dewhurst, A. and DeWilde, B. and Dhaliwal, S. and Dhullipudi, R. and Di Ciaccio, A. and Di Ciaccio, L. and Di Donato, C. and Di Girolamo, A. and Di Girolamo, B. and Di Luise, S. and Di Mattia, A. and Di Micco, B. and Di Nardo, R. and Di Simone, A. and Di Sipio, R. and Diaz, M. A. and Diehl, E. B. and Dietrich, J. and Dietzsch, T. A. and Diglio, S. and Dindar Yagci, K. and Dingfelder, J. and Dinut, F. and Dionisi, C. and Dita, P. and Dita, S. and Dittus, F. and Djama, F. and Djobava, T. and do Vale, M. A. B. and Do Valle Wemans, A. and Doan, T. K. O. and Dobos, D. and Dobson, E. and Dodd, J. and Doglioni, C. and Doherty, T. and Dohmae, T. and Doi, Y. and Dolejsi, J. and Dolezal, Z. and Dolgoshein, B. A. and Donadelli, M. and Donini, J. and Dopke, J. and Doria, A. and Dos Anjos, A. and Dotti, A. and Dova, M. T. and Doyle, A. T. and Dris, M. and Dubbert, J. and Dube, S. and Dubreuil, E. and Duchovni, E. and Duckeck, G. and Duda, D. and Dudarev, A. and Dudziak, F. and Duflot, L. and Dufour, M-A. and Duguid, L. and D\"uhrssen, M. and Dunford, M. and Duran Yildiz, H. and D\"uren, M. and Dwuznik, M. and Ebke, J. and Edson, W. and Edwards, C. A. and Edwards, N. C. and Ehrenfeld, W. and Eifert, T. and Eigen, G. and Einsweiler, K. and Eisenhandler, E. and Ekelof, T. and El Kacimi, M. and Ellert, M. and Elles, S. and Ellinghaus, F. and Ellis, K. and Ellis, N. and Elmsheuser, J. and Elsing, M. and Emeliyanov, D. and Enari, Y. and Endner, O. C. and Engelmann, R. and Engl, A. and Erdmann, J. and Ereditato, A. and Eriksson, D. and Ernis, G. and Ernst, J. and Ernst, M. and Ernwein, J. and Errede, D. and Errede, S. and Ertel, E. and Escalier, M. and Esch, H. and Escobar, C. and Espinal Curull, X. and Esposito, B. and Etienne, F. and Etienvre, A. I. and Etzion, E. and Evangelakou, D. and Evans, H. and Fabbri, L. and Fabre, C. and Facini, G. and Fakhrutdinov, R. M. and Falciano, S. and Fang, Y. and Fanti, M. and Farbin, A. and Farilla, A. and Farooque, T. and Farrell, S. and Farrington, S. M. and Farthouat, P. and Fassi, F. and Fassnacht, P. and Fassouliotis, D. and Fatholahzadeh, B. and Favareto, A. and Fayard, L. and Federic, P. and Fedin, O. L. and Fedorko, W. and Fehling-Kaschek, M. and Feligioni, L. and Feng, C. and Feng, E. J. and Feng, H. and Fenyuk, A. B. and Ferencei, J. and Fernando, W. and Ferrag, S. and Ferrando, J. and Ferrara, V. and Ferrari, A. and Ferrari, P. and Ferrari, R. and Ferreira de Lima, D. E. and Ferrer, A. and Ferrere, D. and Ferretti, C. and Ferretto Parodi, A. and Fiascaris, M. and Fiedler, F. and Filip\ifmmode \check{c}\else \v{c}\fi{}i\ifmmode \check{c}\else \v{c}\fi{}, A. and Filipuzzi, M. and Filthaut, F. and Fincke-Keeler, M. and Finelli, K. D. and Fiolhais, M. C. N. and Fiorini, L. and Firan, A. and Fischer, J. and Fisher, M. J. and Fitzgerald, E. A. and Flechl, M. and Fleck, I. and Fleischmann, P. and Fleischmann, S. and Fletcher, G. T. and Fletcher, G. and Flick, T. and Floderus, A. and Flores Castillo, L. R. and Florez Bustos, A. C. and Flowerdew, M. J. and Fonseca Martin, T. and Formica, A. and Forti, A. and Fortin, D. and Fournier, D. and Fox, H. and Francavilla, P. and Franchini, M. and Franchino, S. and Francis, D. and Franklin, M. and Franz, S. and Fraternali, M. and Fratina, S. and French, S. T. and Friedrich, C. and Friedrich, F. and Froidevaux, D. and Frost, J. A. and Fukunaga, C. and Fullana Torregrosa, E. and Fulsom, B. G. and Fuster, J. and Gabaldon, C. and Gabizon, O. and Gabrielli, A. and Gabrielli, A. and Gadatsch, S. and Gadfort, T. and Gadomski, S. and Gagliardi, G. and Gagnon, P. and Galea, C. and Galhardo, B. and Gallas, E. J. and Gallo, V. and Gallop, B. J. and Gallus, P. and Galster, G. and Gan, K. K. and Gandrajula, R. P. and Gao, Y. S. and Garay Walls, F. M. and Garberson, F. and Garc\'\ia, C. and Garc\'\ia Navarro, J. E. and Garcia-Sciveres, M. and Gardner, R. W. and Garelli, N. and Garonne, V. and Gatti, C. and Gaudio, G. and Gaur, B. and Gauthier, L. and Gauzzi, P. and Gavrilenko, I. L. and Gay, C. and Gaycken, G. and Gazis, E. N. and Ge, P. and Gecse, Z. and Gee, C. N. P. and Geerts, D. A. A. and Geich-Gimbel, Ch. and Gellerstedt, K. and Gemme, C. and Gemmell, A. and Genest, M. H. and Gentile, S. and George, M. and George, S. and Gerbaudo, D. and Gershon, A. and Ghazlane, H. and Ghodbane, N. and Giacobbe, B. and Giagu, S. and Giangiobbe, V. and Giannetti, P. and Gianotti, F. and Gibbard, B. and Gibson, S. M. and Gilchriese, M. and Gillam, T. P. S. and Gillberg, D. and Gillman, A. R. and Gingrich, D. M. and Giokaris, N. and Giordani, M. P. and Giordano, R. and Giorgi, F. M. and Giovannini, P. and Giraud, P. F. and Giugni, D. and Giuliani, C. and Giunta, M. and Gjelsten, B. K. and Gkialas, I. and Gladilin, L. K. and Glasman, C. and Glatzer, J. and Glazov, A. and Glonti, G. L. and Goblirsch-Kolb, M. and Goddard, J. R. and Godfrey, J. and Godlewski, J. and Goebel, M. and Goeringer, C. and Goldfarb, S. and Golling, T. and Golubkov, D. and Gomes, A. and Gomez Fajardo, L. S. and Gon\ifmmode \mbox{\c{c}}\else \c{c}\fi{}alo, R. and Goncalves Pinto Firmino Da Costa, J. and Gonella, L. and Gonz\'alez de la Hoz, S. and Gonzalez Parra, G. and Gonzalez Silva, M. L. and Gonzalez-Sevilla, S. and Goodson, J. J. and Goossens, L. and Gorbounov, P. A. and Gordon, H. A. and Gorelov, I. and Gorfine, G. and Gorini, B. and Gorini, E. and Gori\ifmmode \check{s}\else \v{s}\fi{}ek, A. and Gornicki, E. and Goshaw, A. T. and G\"ossling, C. and Gostkin, M. I. and Gough Eschrich, I. and Gouighri, M. and Goujdami, D. and Goulette, M. P. and Goussiou, A. G. and Goy, C. and Gozpinar, S. and Grabas, H. M. X. and Graber, L. and Grabowska-Bold, I. and Grafstr\"om, P. and Grahn, K-J. and Gramstad, E. and Grancagnolo, F. and Grancagnolo, S. and Grassi, V. and Gratchev, V. and Gray, H. M. and Gray, J. A. and Graziani, E. and Grebenyuk, O. G. and Greenwood, Z. D. and Gregersen, K. and Gregor, I. M. and Grenier, P. and Griffiths, J. and Grigalashvili, N. and Grillo, A. A. and Grimm, K. and Grinstein, S. and Gris, Ph. and Grishkevich, Y. V. and Grivaz, J.-F. and Grohs, J. P. and Grohsjean, A. and Gross, E. and Grosse-Knetter, J. and Groth-Jensen, J. and Grybel, K. and Guescini, F. and Guest, D. and Gueta, O. and Guicheney, C. and Guido, E. and Guillemin, T. and Guindon, S. and Gul, U. and Gunther, J. and Guo, J. and Gupta, S. and Gutierrez, P. and Gutierrez Ortiz, N. G. and Guttman, N. and Gutzwiller, O. and Guyot, C. and Gwenlan, C. and Gwilliam, C. B. and Haas, A. and Haber, C. and Hadavand, H. K. and Haefner, P. and Hageboeck, S. and Hajduk, Z. and Hakobyan, H. and Hall, D. and Halladjian, G. and Hamacher, K. and Hamal, P. and Hamano, K. and Hamer, M. and Hamilton, A. and Hamilton, S. and Han, L. and Hanagaki, K. and Hanawa, K. and Hance, M. and Handel, C. and Hanke, P. and Hansen, J. R. and Hansen, J. B. and Hansen, J. D. and Hansen, P. H. and Hansson, P. and Hara, K. and Hard, A. S. and Harenberg, T. and Harkusha, S. and Harper, D. and Harrington, R. D. and Harris, O. M. and Hartert, J. and Hartjes, F. and Harvey, A. and Hasegawa, S. and Hasegawa, Y. and Hassani, S. and Haug, S. and Hauschild, M. and Hauser, R. and Havranek, M. and Hawkes, C. M. and Hawkings, R. J. and Hawkins, A. D. and Hayashi, T. and Hayden, D. and Hays, C. P. and Hayward, H. S. and Haywood, S. J. and Head, S. J. and Heck, T. and Hedberg, V. and Heelan, L. and Heim, S. and Heinemann, B. and Heisterkamp, S. and Hejbal, J. and Helary, L. and Heller, C. and Heller, M. and Hellman, S. and Hellmich, D. and Helsens, C. and Henderson, J. and Henderson, R. C. W. and Henrichs, A. and Henriques Correia, A. M. and Henrot-Versille, S. and Hensel, C. and Herbert, G. H. and Hernandez, C. M. and Hern\'andez Jim\'enez, Y. and Herrberg-Schubert, R. and Herten, G. and Hertenberger, R. and Hervas, L. and Hesketh, G. G. and Hessey, N. P. and Hickling, R. and Hig\'on-Rodriguez, E. and Hill, J. C. and Hiller, K. H. and Hillert, S. and Hillier, S. J. and Hinchliffe, I. and Hines, E. and Hirose, M. and Hirschbuehl, D. and Hobbs, J. and Hod, N. and Hodgkinson, M. C. and Hodgson, P. and Hoecker, A. and Hoeferkamp, M. R. and Hoffman, J. and Hoffmann, D. and Hofmann, J. I. and Hohlfeld, M. and Holmgren, S. O. and Holzbauer, J. L. and Hong, T. M. and Hooft van Huysduynen, L. and Hostachy, J-Y. and Hou, S. and Hoummada, A. and Howard, J. and Howarth, J. and Hrabovsky, M. and Hristova, I. and Hrivnac, J. and Hryn'ova, T. and Hsu, P. J. and Hsu, S.-C. and Hu, D. and Hu, X. and Huang, Y. and Hubacek, Z. and Hubaut, F. and Huegging, F. and Huettmann, A. and Huffman, T. B. and Hughes, E. W. and Hughes, G. and Huhtinen, M. and H\"ulsing, T. A. and Hurwitz, M. and Huseynov, N. and Huston, J. and Huth, J. and Iacobucci, G. and Iakovidis, G. and Ibragimov, I. and Iconomidou-Fayard, L. and Idarraga, J. and Iengo, P. and Igonkina, O. and Ikegami, Y. and Ikematsu, K. and Ikeno, M. and Iliadis, D. and Ilic, N. and Inamaru, Y. and Ince, T. and Ioannou, P. and Iodice, M. and Iordanidou, K. and Ippolito, V. and Irles Quiles, A. and Isaksson, C. and Ishino, M. and Ishitsuka, M. and Ishmukhametov, R. and Issever, C. and Istin, S. and Ivashin, A. V. and Iwanski, W. and Iwasaki, H. and Izen, J. M. and Izzo, V. and Jackson, B. and Jackson, J. N. and Jackson, M. and Jackson, P. and Jaekel, M. R. and Jain, V. and Jakobs, K. and Jakobsen, S. and Jakoubek, T. and Jakubek, J. and Jamin, D. O. and Jana, D. K. and Jansen, E. and Jansen, H. and Janssen, J. and Janus, M. and Jared, R. C. and Jarlskog, G. and Jeanty, L. and Jeng, G.-Y. and Jen-La Plante, I. and Jennens, D. and Jenni, P. and Jentzsch, J. and Jeske, C. and J\'ez\'equel, S. and Jha, M. K. and Ji, H. and Ji, W. and Jia, J. and Jiang, Y. and Jimenez Belenguer, M. and Jin, S. and Jinnouchi, O. and Joergensen, M. D. and Joffe, D. and Johansson, K. E. and Johansson, P. and Johnert, S. and Johns, K. A. and Jon-And, K. and Jones, G. and Jones, R. W. L. and Jones, T. J. and Jorge, P. M. and Joshi, K. D. and Jovicevic, J. and Ju, X. and Jung, C. A. and Jungst, R. M. and Jussel, P. and Juste Rozas, A. and Kaci, M. and Kaczmarska, A. and Kadlecik, P. and Kado, M. and Kagan, H. and Kagan, M. and Kajomovitz, E. and Kalinin, S. and Kama, S. and Kanaya, N. and Kaneda, M. and Kaneti, S. and Kanno, T. and Kantserov, V. A. and Kanzaki, J. and Kaplan, B. and Kapliy, A. and Kar, D. and Karakostas, K. and Karastathis, N. and Karnevskiy, M. and Karpov, S. N. and Kartvelishvili, V. and Karyukhin, A. N. and Kashif, L. and Kasieczka, G. and Kass, R. D. and Kastanas, A. and Kataoka, Y. and Katre, A. and Katzy, J. and Kaushik, V. and Kawagoe, K. and Kawamoto, T. and Kawamura, G. and Kazama, S. and Kazanin, V. F. and Kazarinov, M. Y. and Keeler, R. and Keener, P. T. and Kehoe, R. and Keil, M. and Keller, J. S. and Keoshkerian, H. and Kepka, O. and Ker\ifmmode \check{s}\else \v{s}\fi{}evan, B. P. and Kersten, S. and Kessoku, K. and Keung, J. and Khalil-zada, F. and Khandanyan, H. and Khanov, A. and Kharchenko, D. and Khodinov, A. and Khomich, A. and Khoo, T. J. and Khoriauli, G. and Khoroshilov, A. and Khovanskiy, V. and Khramov, E. and Khubua, J. and Kim, H. and Kim, S. H. and Kimura, N. and Kind, O. and King, B. T. and King, M. and King, R. S. B. and King, S. B. and Kirk, J. and Kiryunin, A. E. and Kishimoto, T. and Kisielewska, D. and Kitamura, T. and Kittelmann, T. and Kiuchi, K. and Kladiva, E. and Klein, M. and Klein, U. and Kleinknecht, K. and Klemetti, M. and Klimek, P. and Klimentov, A. and Klingenberg, R. and Klinger, J. A. and Klinkby, E. B. and Klioutchnikova, T. and Klok, P. F. and Kluge, E.-E. and Kluit, P. and Kluth, S. and Kneringer, E. and Knoops, E. B. F. G. and Knue, A. and Ko, B. R. and Kobayashi, T. and Kobel, M. and Kocian, M. and Kodys, P. and Koenig, S. and Koevesarki, P. and Koffas, T. and Koffeman, E. and Kogan, L. A. and Kohlmann, S. and Kohn, F. and Kohout, Z. and Kohriki, T. and Koi, T. and Kolanoski, H. and Koletsou, I. and Koll, J. and Komar, A. A. and Komori, Y. and Kondo, T. and K\"oneke, K. and K\"onig, A. C. and Kono, T. and Konoplich, R. and Konstantinidis, N. and Kopeliansky, R. and Koperny, S. and K\"opke, L. and Kopp, A. K. and Korcyl, K. and Kordas, K. and Korn, A. and Korol, A. A. and Korolkov, I. and Korolkova, E. V. and Korotkov, V. A. and Kortner, O. and Kortner, S. and Kostyukhin, V. V. and Kotov, S. and Kotov, V. M. and Kotwal, A. and Kourkoumelis, C. and Kouskoura, V. and Koutsman, A. and Kowalewski, R. and Kowalski, T. Z. and Kozanecki, W. and Kozhin, A. S. and Kral, V. and Kramarenko, V. A. and Kramberger, G. and Krasny, M. W. and Krasznahorkay, A. and Kraus, J. K. and Kravchenko, A. and Kreiss, S. and Kretzschmar, J. and Kreutzfeldt, K. and Krieger, N. and Krieger, P. and Kroeninger, K. and Kroha, H. and Kroll, J. and Kroseberg, J. and Krstic, J. and Kruchonak, U. and Kr\"uger, H. and Kruker, T. and Krumnack, N. and Krumshteyn, Z. V. and Kruse, A. and Kruse, M. K. and Kruskal, M. and Kubota, T. and Kuday, S. and Kuehn, S. and Kugel, A. and Kuhl, T. and Kukhtin, V. and Kulchitsky, Y. and Kuleshov, S. and Kuna, M. and Kunkle, J. and Kupco, A. and Kurashige, H. and Kurata, M. and Kurochkin, Y. A. and Kurumida, R. and Kus, V. and Kuwertz, E. S. and Kuze, M. and Kvita, J. and Kwee, R. and La Rosa, A. and La Rotonda, L. and Labarga, L. and Lablak, S. and Lacasta, C. and Lacava, F. and Lacey, J. and Lacker, H. and Lacour, D. and Lacuesta, V. R. and Ladygin, E. and Lafaye, R. and Laforge, B. and Lagouri, T. and Lai, S. and Laier, H. and Laisne, E. and Lambourne, L. and Lampen, C. L. and Lampl, W. and Lan\ifmmode \mbox{\c{c}}\else \c{c}\fi{}on, E. and Landgraf, U. and Landon, M. P. J. and Lang, V. S. and Lange, C. and Lankford, A. J. and Lanni, F. and Lantzsch, K. and Lanza, A. and Laplace, S. and Lapoire, C. and Laporte, J. F. and Lari, T. and Larner, A. and Lassnig, M. and Laurelli, P. and Lavorini, V. and Lavrijsen, W. and Laycock, P. and Le, B. T. and Le Dortz, O. and Le Guirriec, E. and Le Menedeu, E. and LeCompte, T. and Ledroit-Guillon, F. and Lee, C. A. and Lee, H. and Lee, J. S. H. and Lee, S. C. and Lee, L. and Lefebvre, G. and Lefebvre, M. and Legendre, M. and Legger, F. and Leggett, C. and Lehan, A. and Lehmacher, M. and Lehmann Miotto, G. and Leister, A. G. and Leite, M. A. L. and Leitner, R. and Lellouch, D. and Lemmer, B. and Lendermann, V. and Leney, K. J. C. and Lenz, T. and Lenzen, G. and Lenzi, B. and Leone, R. and Leonhardt, K. and Leontsinis, S. and Leroy, C. and Lessard, J-R. and Lester, C. G. and Lester, C. M. and Lev\^eque, J. and Levin, D. and Levinson, L. J. and Lewis, A. and Lewis, G. H. and Leyko, A. M. and Leyton, M. and Li, B. and Li, B. and Li, H. and Li, H. L. and Li, S. and Li, X. and Liang, Z. and Liao, H. and Liberti, B. and Lichard, P. and Lie, K. and Liebal, J. and Liebig, W. and Limbach, C. and Limosani, A. and Limper, M. and Lin, S. C. and Linde, F. and Lindquist, B. E. and Linnemann, J. T. and Lipeles, E. and Lipniacka, A. and Lisovyi, M. and Liss, T. M. and Lissauer, D. and Lister, A. and Litke, A. M. and Liu, B. and Liu, D. and Liu, J. B. and Liu, K. and Liu, L. and Liu, M. and Liu, M. and Liu, Y. and Livan, M. and Livermore, S. S. A. and Lleres, A. and Llorente Merino, J. and Lloyd, S. L. and Lo Sterzo, F. and Lobodzinska, E. and Loch, P. and Lockman, W. S. and Loddenkoetter, T. and Loebinger, F. K. and Loevschall-Jensen, A. E. and Loginov, A. and Loh, C. W. and Lohse, T. and Lohwasser, K. and Lokajicek, M. and Lombardo, V. P. and Long, R. E. and Lopes, L. and Lopez Mateos, D. and Lopez Paredes, B. and Lorenz, J. and Lorenzo Martinez, N. and Losada, M. and Loscutoff, P. and Losty, M. J. and Lou, X. and Lounis, A. and Love, J. and Love, P. A. and Lowe, A. J. and Lu, F. and Lubatti, H. J. and Luci, C. and Lucotte, A. and Ludwig, D. and Ludwig, I. and Ludwig, J. and Luehring, F. and Lukas, W. and Luminari, L. and Lund, E. and Lundberg, J. and Lundberg, O. and Lund-Jensen, B. and Lungwitz, M. and Lynn, D. and Lysak, R. and Lytken, E. and Ma, H. and Ma, L. L. and Maccarrone, G. and Macchiolo, A. and Ma\ifmmode \check{c}\else \v{c}\fi{}ek, B. and Machado Miguens, J. and Macina, D. and Mackeprang, R. and Madar, R. and Madaras, R. J. and Maddocks, H. J. and Mader, W. F. and Madsen, A. and Maeno, M. and Maeno, T. and Magnoni, L. and Magradze, E. and Mahboubi, K. and Mahlstedt, J. and Mahmoud, S. and Mahout, G. and Maiani, C. and Maidantchik, C. and Maio, A. and Majewski, S. and Makida, Y. and Makovec, N. and Mal, P. and Malaescu, B. and Malecki, Pa. and Maleev, V. P. and Malek, F. and Mallik, U. and Malon, D. and Malone, C. and Maltezos, S. and Malyshev, V. M. and Malyukov, S. and Mamuzic, J. and Mandelli, L. and Mandi\ifmmode \acute{c}\else \'{c}\fi{}, I. and Mandrysch, R. and Maneira, J. and Manfredini, A. and Manhaes de Andrade Filho, L. and Manjarres Ramos, J. A. and Mann, A. and Manning, P. M. and Manousakis-Katsikakis, A. and Mansoulie, B. and Mantifel, R. and Mapelli, L. and March, L. and Marchand, J. F. and Marchese, F. and Marchiori, G. and Marcisovsky, M. and Marino, C. P. and Marques, C. N. and Marroquim, F. and Marshall, Z. and Marti, L. F. and Marti-Garcia, S. and Martin, B. and Martin, B. and Martin, J. P. and Martin, T. A. and Martin, V. J. and Martin dit Latour, B. and Martinez, H. and Martinez, M. and Martin-Haugh, S. and Martyniuk, A. C. and Marx, M. and Marzano, F. and Marzin, A. and Masetti, L. and Mashimo, T. and Mashinistov, R. and Masik, J. and Maslennikov, A. L. and Massa, I. and Massol, N. and Mastrandrea, P. and Mastroberardino, A. and Masubuchi, T. and Matsunaga, H. and Matsushita, T. and M\"attig, P. and M\"attig, S. and Mattmann, J. and Mattravers, C. and Maurer, J. and Maxfield, S. J. and Maximov, D. A. and Mazini, R. and Mazzaferro, L. and Mazzanti, M. and Mc Kee, S. P. and McCarn, A. and McCarthy, R. L. and McCarthy, T. G. and McCubbin, N. A. and McFarlane, K. W. and Mcfayden, J. A. and Mchedlidze, G. and Mclaughlan, T. and McMahon, S. J. and McPherson, R. A. and Meade, A. and Mechnich, J. and Mechtel, M. and Medinnis, M. and Meehan, S. and Meera-Lebbai, R. and Mehlhase, S. and Mehta, A. and Meier, K. and Meineck, C. and Meirose, B. and Melachrinos, C. and Mellado Garcia, B. R. and Meloni, F. and Mendoza Navas, L. and Mengarelli, A. and Menke, S. and Meoni, E. and Mercurio, K. M. and Mergelmeyer, S. and Meric, N. and Mermod, P. and Merola, L. and Meroni, C. and Merritt, F. S. and Merritt, H. and Messina, A. and Metcalfe, J. and Mete, A. S. and Meyer, C. and Meyer, C. and Meyer, J-P. and Meyer, J. and Meyer, J. and Michal, S. and Middleton, R. P. and Migas, S. and Mijovi\ifmmode \acute{c}\else \'{c}\fi{}, L. and Mikenberg, G. and Mikestikova, M. and Miku\ifmmode \check{z}\else \v{z}\fi{}, M. and Miller, D. W. and Mills, W. J. and Mills, C. and Milov, A. and Milstead, D. A. and Milstein, D. and Minaenko, A. A. and Mi\~nano Moya, M. and Minashvili, I. A. and Mincer, A. I. and Mindur, B. and Mineev, M. and Ming, Y. and Mir, L. M. and Mirabelli, G. and Mitani, T. and Mitrevski, J. and Mitsou, V. A. and Mitsui, S. and Miyagawa, P. S. and Mj\"ornmark, J. U. and Moa, T. and Moeller, V. and Mohapatra, S. and Mohr, W. and Molander, S. and Moles-Valls, R. and Molfetas, A. and M\"onig, K. and Monini, C. and Monk, J. and Monnier, E. and Montejo Berlingen, J. and Monticelli, F. and Monzani, S. and Moore, R. W. and Mora Herrera, C. and Moraes, A. and Morange, N. and Morel, J. and Moreno, D. and Moreno Ll\'acer, M. and Morettini, P. and Morgenstern, M. and Morii, M. and Moritz, S. and Morley, A. K. and Mornacchi, G. and Morris, J. D. and Morvaj, L. and Moser, H. G. and Mosidze, M. and Moss, J. and Mount, R. and Mountricha, E. and Mouraviev, S. V. and Moyse, E. J. W. and Mudd, R. D. and Mueller, F. and Mueller, J. and Mueller, K. and Mueller, T. and Mueller, T. and Muenstermann, D. and Munwes, Y. and Murillo Quijada, J. A. and Murray, W. J. and Mussche, I. and Musto, E. and Myagkov, A. G. and Myska, M. and Nackenhorst, O. and Nadal, J. and Nagai, K. and Nagai, R. and Nagai, Y. and Nagano, K. and Nagarkar, A. and Nagasaka, Y. and Nagel, M. and Nairz, A. M. and Nakahama, Y. and Nakamura, K. and Nakamura, T. and Nakano, I. and Namasivayam, H. and Nanava, G. and Napier, A. and Narayan, R. and Nash, M. and Nattermann, T. and Naumann, T. and Navarro, G. and Neal, H. A. and Nechaeva, P. Yu. and Neep, T. J. and Negri, A. and Negri, G. and Negrini, M. and Nektarijevic, S. and Nelson, A. and Nelson, T. K. and Nemecek, S. and Nemethy, P. and Nepomuceno, A. A. and Nessi, M. and Neubauer, M. S. and Neumann, M. and Neusiedl, A. and Neves, R. M. and Nevski, P. and Newcomer, F. M. and Newman, P. R. and Nguyen, D. H. and Nguyen Thi Hong, V. and Nickerson, R. B. and Nicolaidou, R. and Nicquevert, B. and Nielsen, J. and Nikiforou, N. and Nikiforov, A. and Nikolaenko, V. and Nikolic-Audit, I. and Nikolics, K. and Nikolopoulos, K. and Nilsson, P. and Ninomiya, Y. and Nisati, A. and Nisius, R. and Nobe, T. and Nodulman, L. and Nomachi, M. and Nomidis, I. and Norberg, S. and Nordberg, M. and Novakova, J. and Nozaki, M. and Nozka, L. and Ntekas, K. and Nuncio-Quiroz, A.-E. and Nunes Hanninger, G. and Nunnemann, T. and Nurse, E. and O'Brien, B. J. and O'grady, F. and O'Neil, D. C. and O'Shea, V. and Oakes, L. B. and Oakham, F. G. and Oberlack, H. and Ocariz, J. and Ochi, A. and Ochoa, M. I. and Oda, S. and Odaka, S. and Odier, J. and Ogren, H. and Oh, A. and Oh, S. H. and Ohm, C. C. and Ohshima, T. and Okamura, W. and Okawa, H. and Okumura, Y. and Okuyama, T. and Olariu, A. and Olchevski, A. G. and Olivares Pino, S. A. and Oliveira, M. and Oliveira Damazio, D. and Oliver Garcia, E. and Olivito, D. and Olszewski, A. and Olszowska, J. and Onofre, A. and Onyisi, P. U. E. and Oram, C. J. and Oreglia, M. J. and Oren, Y. and Orestano, D. and Orlando, N. and Oropeza Barrera, C. and Orr, R. S. and Osculati, B. and Ospanov, R. and Otero y Garzon, G. and Otono, H. and Ottersbach, J. P. and Ouchrif, M. and Ouellette, E. A. and Ould-Saada, F. and Ouraou, A. and Oussoren, K. P. and Ouyang, Q. and Ovcharova, A. and Owen, M. and Owen, S. and Ozcan, V. E. and Ozturk, N. and Pachal, K. and Pacheco Pages, A. and Padilla Aranda, C. and Pagan Griso, S. and Paganis, E. and Pahl, C. and Paige, F. and Pais, P. and Pajchel, K. and Palacino, G. and Paleari, C. P. and Palestini, S. and Pallin, D. and Palma, A. and Palmer, J. D. and Pan, Y. B. and Panagiotopoulou, E. and Panduro Vazquez, J. G. and Pani, P. and Panikashvili, N. and Panitkin, S. and Pantea, D. and Papadelis, A. and Papadopoulou, Th. D. and Papageorgiou, K. and Paramonov, A. and Paredes Hernandez, D. and Parker, M. A. and Parodi, F. and Parsons, J. A. and Parzefall, U. and Pashapour, S. and Pasqualucci, E. and Passaggio, S. and Passeri, A. and Pastore, F. and Pastore, Fr. and P\'asztor, G. and Pataraia, S. and Patel, N. D. and Pater, J. R. and Patricelli, S. and Pauly, T. and Pearce, J. and Pedersen, M. and Pedraza Lopez, S. and Pedraza Morales, M. I. and Peleganchuk, S. V. and Pelikan, D. and Peng, H. and Penning, B. and Penson, A. and Penwell, J. and Perepelitsa, D. V. and Perez Cavalcanti, T. and Perez Codina, E. and P\'erez Garc\'\ia-Esta\~n, M. T. and Perez Reale, V. and Perini, L. and Pernegger, H. and Perrino, R. and Peshekhonov, V. D. and Peters, K. and Peters, R. F. Y. and Petersen, B. A. and Petersen, J. and Petersen, T. C. and Petit, E. and Petridis, A. and Petridou, C. and Petrolo, E. and Petrucci, F. and Petteni, M. and Pezoa, R. and Phillips, P. W. and Piacquadio, G. and Pianori, E. and Picazio, A. and Piccaro, E. and Piccinini, M. and Piec, S. M. and Piegaia, R. and Pignotti, D. T. and Pilcher, J. E. and Pilkington, A. D. and Pina, J. and Pinamonti, M. and Pinder, A. and Pinfold, J. L. and Pingel, A. and Pinto, B. and Pizio, C. and Pleier, M.-A. and Pleskot, V. and Plotnikova, E. and Plucinski, P. and Poddar, S. and Podlyski, F. and Poettgen, R. and Poggioli, L. and Pohl, D. and Pohl, M. and Polesello, G. and Policicchio, A. and Polifka, R. and Polini, A. and Pollard, C. S. and Polychronakos, V. and Pomeroy, D. and Pomm\`es, K. and Pontecorvo, L. and Pope, B. G. and Popeneciu, G. A. and Popovic, D. S. and Poppleton, A. and Portell Bueso, X. and Pospelov, G. E. and Pospisil, S. and Potrap, I. N. and Potter, C. J. and Potter, C. T. and Poulard, G. and Poveda, J. and Pozdnyakov, V. and Prabhu, R. and Pralavorio, P. and Pranko, A. and Prasad, S. and Pravahan, R. and Prell, S. and Price, D. and Price, J. and Price, L. E. and Prieur, D. and Primavera, M. and Proissl, M. and Prokofiev, K. and Prokoshin, F. and Protopapadaki, E. and Protopopescu, S. and Proudfoot, J. and Prudent, X. and Przybycien, M. and Przysiezniak, H. and Psoroulas, S. and Ptacek, E. and Pueschel, E. and Puldon, D. and Purohit, M. and Puzo, P. and Pylypchenko, Y. and Qian, J. and Quadt, A. and Quarrie, D. R. and Quayle, W. B. and Quilty, D. and Radeka, V. and Radescu, V. and Radloff, P. and Ragusa, F. and Rahal, G. and Rajagopalan, S. and Rammensee, M. and Rammes, M. and Randle-Conde, A. S. and Rangel-Smith, C. and Rao, K. and Rauscher, F. and Rave, T. C. and Ravenscroft, T. and Raymond, M. and Read, A. L. and Rebuzzi, D. M. and Redelbach, A. and Redlinger, G. and Reece, R. and Reeves, K. and Reinsch, A. and Reisinger, I. and Relich, M. and Rembser, C. and Ren, Z. L. and Renaud, A. and Rescigno, M. and Resconi, S. and Resende, B. and Reznicek, P. and Rezvani, R. and Richter, R. and Richter-Was, E. and Ridel, M. and Rieck, P. and Rijssenbeek, M. and Rimoldi, A. and Rinaldi, L. and Rios, R. R. and Ritsch, E. and Riu, I. and Rivoltella, G. and Rizatdinova, F. and Rizvi, E. and Robertson, S. H. and Robichaud-Veronneau, A. and Robinson, D. and Robinson, J. E. M. and Robson, A. and Rocha de Lima, J. G. and Roda, C. and Roda Dos Santos, D. and Rodrigues, L. and Roe, A. and Roe, S. and R\o{}hne, O. and Rolli, S. and Romaniouk, A. and Romano, M. and Romeo, G. and Romero Adam, E. and Rompotis, N. and Roos, L. and Ros, E. and Rosati, S. and Rosbach, K. and Rose, A. and Rose, M. and Rosendahl, P. L. and Rosenthal, O. and Rossetti, V. and Rossi, E. and Rossi, L. P. and Rosten, R. and Rotaru, M. and Roth, I. and Rothberg, J. and Rousseau, D. and Royon, C. R. and Rozanov, A. and Rozen, Y. and Ruan, X. and Rubbo, F. and Rubinskiy, I. and Ruckstuhl, N. and Rud, V. I. and Rudolph, C. and Rudolph, M. S. and R\"uhr, F. and Ruiz-Martinez, A. and Rumyantsev, L. and Rurikova, Z. and Rusakovich, N. A. and Ruschke, A. and Rutherfoord, J. P. and Ruthmann, N. and Ruzicka, P. and Ryabov, Y. F. and Rybar, M. and Rybkin, G. and Ryder, N. C. and Saavedra, A. F. and Saddique, A. and Sadeh, I. and Sadrozinski, H. F-W. and Sadykov, R. and Safai Tehrani, F. and Sakamoto, H. and Salamanna, G. and Salamon, A. and Saleem, M. and Salek, D. and Salihagic, D. and Salnikov, A. and Salt, J. and Salvachua Ferrando, B. M. and Salvatore, D. and Salvatore, F. and Salvucci, A. and Salzburger, A. and Sampsonidis, D. and Sanchez, A. and S\'anchez, J. and Sanchez Martinez, V. and Sandaker, H. and Sander, H. G. and Sanders, M. P. and Sandhoff, M. and Sandoval, T. and Sandoval, C. and Sandstroem, R. and Sankey, D. P. C. and Sansoni, A. and Santoni, C. and Santonico, R. and Santos, H. and Santoyo Castillo, I. and Sapp, K. and Sapronov, A. and Saraiva, J. G. and Sarangi, T. and Sarkisyan-Grinbaum, E. and Sarrazin, B. and Sarri, F. and Sartisohn, G. and Sasaki, O. and Sasaki, Y. and Sasao, N. and Satsounkevitch, I. and Sauvage, G. and Sauvan, E. and Sauvan, J. B. and Savard, P. and Savinov, V. and Savu, D. O. and Sawyer, C. and Sawyer, L. and Saxon, D. H. and Saxon, J. and Sbarra, C. and Sbrizzi, A. and Scanlon, T. and Scannicchio, D. A. and Scarcella, M. and Schaarschmidt, J. and Schacht, P. and Schaefer, D. and Schaefer, R. and Schaelicke, A. and Schaepe, S. and Schaetzel, S. and Sch\"afer, U. and Schaffer, A. C. and Schaile, D. and Schamberger, R. D. and Scharf, V. and Schegelsky, V. A. and Scheirich, D. and Schernau, M. and Scherzer, M. I. and Schiavi, C. and Schieck, J. and Schillo, C. and Schioppa, M. and Schlenker, S. and Schmidt, E. and Schmieden, K. and Schmitt, C. and Schmitt, C. and Schmitt, S. and Schneider, B. and Schnellbach, Y. J. and Schnoor, U. and Schoeffel, L. and Schoening, A. and Schorlemmer, A. L. S. and Schott, M. and Schouten, D. and Schovancova, J. and Schram, M. and Schroeder, C. and Schroer, N. and Schuh, N. and Schultens, M. J. and Schultz-Coulon, H.-C. and Schulz, H. and Schumacher, M. and Schumm, B. A. and Schune, Ph. and Schwartzman, A. and Schwegler, Ph. and Schwemling, Ph. and Schwienhorst, R. and Schwindling, J. and Schwindt, T. and Schwoerer, M. and Sciacca, F. G. and Scifo, E. and Sciolla, G. and Scott, W. G. and Scutti, F. and Searcy, J. and Sedov, G. and Sedykh, E. and Seidel, S. C. and Seiden, A. and Seifert, F. and Seixas, J. M. and Sekhniaidze, G. and Sekula, S. J. and Selbach, K. E. and Seliverstov, D. M. and Sellers, G. and Seman, M. and Semprini-Cesari, N. and Serfon, C. and Serin, L. and Serkin, L. and Serre, T. and Seuster, R. and Severini, H. and Sforza, F. and Sfyrla, A. and Shabalina, E. and Shamim, M. and Shan, L. Y. and Shank, J. T. and Shao, Q. T. and Shapiro, M. and Shatalov, P. B. and Shaw, K. and Sherwood, P. and Shimizu, S. and Shimojima, M. and Shin, T. and Shiyakova, M. and Shmeleva, A. and Shochet, M. J. and Short, D. and Shrestha, S. and Shulga, E. and Shupe, M. A. and Shushkevich, S. and Sicho, P. and Sidorov, D. and Sidoti, A. and Siegert, F. and Sijacki, Dj. and Silbert, O. and Silva, J. and Silver, Y. and Silverstein, D. and Silverstein, S. B. and Simak, V. and Simard, O. and Simic, Lj. and Simion, S. and Simioni, E. and Simmons, B. and Simoniello, R. and Simonyan, M. and Sinervo, P. and Sinev, N. B. and Sipica, V. and Siragusa, G. and Sircar, A. and Sisakyan, A. N. and Sivoklokov, S. Yu. and Sj\"olin, J. and Sjursen, T. B. and Skinnari, L. A. and Skottowe, H. P. and Skovpen, K. Yu. and Skubic, P. and Slater, M. and Slavicek, T. and Sliwa, K. and Smakhtin, V. and Smart, B. H. and Smestad, L. and Smirnov, S. Yu. and Smirnov, Y. and Smirnova, L. N. and Smirnova, O. and Smith, K. M. and Smizanska, M. and Smolek, K. and Snesarev, A. A. and Snidero, G. and Snow, J. and Snyder, S. and Sobie, R. and Sodomka, J. and Soffer, A. and Soh, D. A. and Solans, C. A. and Solar, M. and Solc, J. and Soldatov, E. Yu. and Soldevila, U. and Solfaroli Camillocci, E. and Solodkov, A. A. and Solovyanov, O. V. and Solovyev, V. and Soni, N. and Sood, A. and Sopko, V. and Sopko, B. and Sosebee, M. and Soualah, R. and Soueid, P. and Soukharev, A. M. and South, D. and Spagnolo, S. and Span\`o, F. and Spearman, W. R. and Spighi, R. and Spigo, G. and Spousta, M. and Spreitzer, T. and Spurlock, B. and St. Denis, R. D. and Stahlman, J. and Stamen, R. and Stanecka, E. and Stanek, R. W. and Stanescu, C. and Stanescu-Bellu, M. and Stanitzki, M. M. and Stapnes, S. and Starchenko, E. A. and Stark, J. and Staroba, P. and Starovoitov, P. and Staszewski, R. and Staude, A. and Stavina, P. and Steele, G. and Steinbach, P. and Steinberg, P. and Stekl, I. and Stelzer, B. and Stelzer, H. J. and Stelzer-Chilton, O. and Stenzel, H. and Stern, S. and Stewart, G. A. and Stillings, J. A. and Stockton, M. C. and Stoebe, M. and Stoerig, K. and Stoicea, G. and Stonjek, S. and Stradling, A. R. and Straessner, A. and Strandberg, J. and Strandberg, S. and Strandlie, A. and Strauss, E. and Strauss, M. and Strizenec, P. and Str\"ohmer, R. and Strom, D. M. and Stroynowski, R. and Stugu, B. and Stumer, I. and Stupak, J. and Sturm, P. and Styles, N. A. and Su, D. and Subramania, HS. and Subramaniam, R. and Succurro, A. and Sugaya, Y. and Suhr, C. and Suk, M. and Sulin, V. V. and Sultansoy, S. and Sumida, T. and Sun, X. and Sundermann, J. E. and Suruliz, K. and Susinno, G. and Sutton, M. R. and Suzuki, Y. and Svatos, M. and Swedish, S. and Swiatlowski, M. and Sykora, I. and Sykora, T. and Ta, D. and Tackmann, K. and Taffard, A. and Tafirout, R. and Taiblum, N. and Takahashi, Y. and Takai, H. and Takashima, R. and Takeda, H. and Takeshita, T. and Takubo, Y. and Talby, M. and Talyshev, A. A. and Tam, J. Y. C. and Tamsett, M. C. and Tan, K. G. and Tanaka, J. and Tanaka, R. and Tanaka, S. and Tanaka, S. and Tanasijczuk, A. J. and Tani, K. and Tannoury, N. and Tapprogge, S. and Tarem, S. and Tarrade, F. and Tartarelli, G. F. and Tas, P. and Tasevsky, M. and Tashiro, T. and Tassi, E. and Tavares Delgado, A. and Tayalati, Y. and Taylor, C. and Taylor, F. E. and Taylor, G. N. and Taylor, W. and Teinturier, M. and Teischinger, F. A. and Teixeira Dias Castanheira, M. and Teixeira-Dias, P. and Temming, K. K. and Ten Kate, H. and Teng, P. K. and Terada, S. and Terashi, K. and Terron, J. and Testa, M. and Teuscher, R. J. and Therhaag, J. and Theveneaux-Pelzer, T. and Thoma, S. and Thomas, J. P. and Thompson, E. N. and Thompson, P. D. and Thompson, P. D. and Thompson, A. S. and Thomsen, L. A. and Thomson, E. and Thomson, M. and Thong, W. M. and Thun, R. P. and Tian, F. and Tibbetts, M. J. and Tic, T. and Tikhomirov, V. O. and Tikhonov, Yu. A. and Timoshenko, S. and Tiouchichine, E. and Tipton, P. and Tisserant, S. and Todorov, T. and Todorova-Nova, S. and Toggerson, B. and Tojo, J. and Tok\'ar, S. and Tokushuku, K. and Tollefson, K. and Tomlinson, L. and Tomoto, M. and Tompkins, L. and Toms, K. and Tonoyan, A. and Topfel, C. and Topilin, N. D. and Torrence, E. and Torres, H. and Torr\'o Pastor, E. and Toth, J. and Touchard, F. and Tovey, D. R. and Tran, H. L. and Trefzger, T. and Tremblet, L. and Tricoli, A. and Trigger, I. M. and Trincaz-Duvoid, S. and Tripiana, M. F. and Triplett, N. and Trischuk, W. and Trocm\'e, B. and Troncon, C. and Trottier-McDonald, M. and Trovatelli, M. and True, P. and Trzebinski, M. and Trzupek, A. and Tsarouchas, C. and Tseng, J. C-L. and Tsiareshka, P. V. and Tsionou, D. and Tsipolitis, G. and Tsiskaridze, S. and Tsiskaridze, V. and Tskhadadze, E. G. and Tsukerman, I. I. and Tsulaia, V. and Tsung, J.-W. and Tsuno, S. and Tsybychev, D. and Tua, A. and Tudorache, A. and Tudorache, V. and Tuggle, J. M. and Tuna, A. N. and Turchikhin, S. and Turecek, D. and Turk Cakir, I. and Turra, R. and Tuts, P. M. and Tykhonov, A. and Tylmad, M. and Tyndel, M. and Uchida, K. and Ueda, I. and Ueno, R. and Ughetto, M. and Ugland, M. and Uhlenbrock, M. and Ukegawa, F. and Unal, G. and Undrus, A. and Unel, G. and Ungaro, F. C. and Unno, Y. and Urbaniec, D. and Urquijo, P. and Usai, G. and Usanova, A. and Vacavant, L. and Vacek, V. and Vachon, B. and Vahsen, S. and Valencic, N. and Valentinetti, S. and Valero, A. and Valery, L. and Valkar, S. and Valladolid Gallego, E. and Vallecorsa, S. and Valls Ferrer, J. A. and Van Berg, R. and Van Der Deijl, P. C. and van der Geer, R. and van der Graaf, H. and Van Der Leeuw, R. and van der Ster, D. and van Eldik, N. and van Gemmeren, P. and Van Nieuwkoop, J. and van Vulpen, I. and Vanadia, M. and Vandelli, W. and Vaniachine, A. and Vankov, P. and Vannucci, F. and Vari, R. and Varnes, E. W. and Varol, T. and Varouchas, D. and Vartapetian, A. and Varvell, K. E. and Vassilakopoulos, V. I. and Vazeille, F. and Vazquez Schroeder, T. and Veatch, J. and Veloso, F. and Veneziano, S. and Ventura, A. and Ventura, D. and Venturi, M. and Venturi, N. and Vercesi, V. and Verducci, M. and Verkerke, W. and Vermeulen, J. C. and Vest, A. and Vetterli, M. C. and Vichou, I. and Vickey, T. and Vickey Boeriu, O. E. and Viehhauser, G. H. A. and Viel, S. and Vigne, R. and Villa, M. and Villaplana Perez, M. and Vilucchi, E. and Vincter, M. G. and Vinogradov, V. B. and Virzi, J. and Vitells, O. and Viti, M. and Vivarelli, I. and Vives Vaque, F. and Vlachos, S. and Vladoiu, D. and Vlasak, M. and Vogel, A. and Vokac, P. and Volpi, G. and Volpi, M. and Volpini, G. and von der Schmitt, H. and von Radziewski, H. and von Toerne, E. and Vorobel, V. and Vos, M. and Voss, R. and Vossebeld, J. H. and Vranjes, N. and Vranjes Milosavljevic, M. and Vrba, V. and Vreeswijk, M. and Vu Anh, T. and Vuillermet, R. and Vukotic, I. and Vykydal, Z. and Wagner, W. and Wagner, P. and Wahrmund, S. and Wakabayashi, J. and Walch, S. and Walder, J. and Walker, R. and Walkowiak, W. and Wall, R. and Waller, P. and Walsh, B. and Wang, C. and Wang, H. and Wang, H. and Wang, J. and Wang, J. and Wang, K. and Wang, R. and Wang, S. M. and Wang, T. and Wang, X. and Warburton, A. and Ward, C. P. and Wardrope, D. R. and Warsinsky, M. and Washbrook, A. and Wasicki, C. and Watanabe, I. and Watkins, P. M. and Watson, A. T. and Watson, I. J. and Watson, M. F. and Watts, G. and Watts, S. and Waugh, A. T. and Waugh, B. M. and Webb, S. and Weber, M. S. and Webster, J. S. and Weidberg, A. R. and Weigell, P. and Weingarten, J. and Weiser, C. and Weits, H. and Wells, P. S. and Wenaus, T. and Wendland, D. and Weng, Z. and Wengler, T. and Wenig, S. and Wermes, N. and Werner, M. and Werner, P. and Werth, M. and Wessels, M. and Wetter, J. and Whalen, K. and White, A. and White, M. J. and White, R. and White, S. and Whiteson, D. and Whittington, D. and Wicke, D. and Wickens, F. J. and Wiedenmann, W. and Wielers, M. and Wienemann, P. and Wiglesworth, C. and Wiik-Fuchs, L. A. M. and Wijeratne, P. A. and Wildauer, A. and Wildt, M. A. and Wilhelm, I. and Wilkens, H. G. and Will, J. Z. and Williams, E. and Williams, H. H. and Williams, S. and Willis, W. and Willocq, S. and Wilson, J. A. and Wilson, A. and Wingerter-Seez, I. and Winkelmann, S. and Winklmeier, F. and Wittgen, M. and Wittig, T. and Wittkowski, J. and Wollstadt, S. J. and Wolter, M. W. and Wolters, H. and Wong, W. C. and Wooden, G. and Wosiek, B. K. and Wotschack, J. and Woudstra, M. J. and Wozniak, K. W. and Wraight, K. and Wright, M. and Wrona, B. and Wu, S. L. and Wu, X. and Wu, Y. and Wulf, E. and Wyatt, T. R. and Wynne, B. M. and Xella, S. and Xiao, M. and Xu, C. and Xu, D. and Xu, L. and Yabsley, B. and Yacoob, S. and Yamada, M. and Yamaguchi, H. and Yamaguchi, Y. and Yamamoto, A. and Yamamoto, K. and Yamamoto, S. and Yamamura, T. and Yamanaka, T. and Yamauchi, K. and Yamazaki, Y. and Yan, Z. and Yang, H. and Yang, H. and Yang, U. K. and Yang, Y. and Yang, Z. and Yanush, S. and Yao, L. and Yasu, Y. and Yatsenko, E. and Yau Wong, K. H. and Ye, J. and Ye, S. and Yen, A. L. and Yildirim, E. and Yilmaz, M. and Yoosoofmiya, R. and Yorita, K. and Yoshida, R. and Yoshihara, K. and Young, C. and Young, C. J. S. and Youssef, S. and Yu, D. R. and Yu, J. and Yu, J. and Yuan, L. and Yurkewicz, A. and Zabinski, B. and Zaidan, R. and Zaitsev, A. M. and Zambito, S. and Zanello, L. and Zanzi, D. and Zaytsev, A. and Zeitnitz, C. and Zeman, M. and Zemla, A. and Zenin, O. and \ifmmode \check{Z}\else \v{Z}\fi{}eni\ifmmode \check{s}\else \v{s}\fi{}, T. and Zerwas, D. and Zevi della Porta, G. and Zhang, D. and Zhang, H. and Zhang, J. and Zhang, L. and Zhang, X. and Zhang, Z. and Zhao, Z. and Zhemchugov, A. and Zhong, J. and Zhou, B. and Zhou, N. and Zhu, C. G. and Zhu, H. and Zhu, J. and Zhu, Y. and Zhuang, X. and Zibell, A. and Zieminska, D. and Zimin, N. I. and Zimmermann, C. and Zimmermann, R. and Zimmermann, S. and Zimmermann, S. and Zinonos, Z. and Ziolkowski, M. and Zitoun, R. and \ifmmode \check{Z}\else \v{Z}\fi{}ivkovi\ifmmode \acute{c}\else \'{c}\fi{}, L. and Zobernig, G. and Zoccoli, A. and zur Nedden, M. and Zurzolo, G. and Zutshi, V. and Zwalinski, L.},
  journal = {Phys. Rev. Lett.},
  volume = {111},
  issue = {23},
  pages = {232002},
  numpages = {19},
  year = {2013},
  month = {Dec},
  publisher = {American Physical Society},
  doi = {10.1103/PhysRevLett.111.232002},
  url = {http://link.aps.org/doi/10.1103/PhysRevLett.111.232002}
}
